@inproceedings{czeskis-2010,
 author = {Czeskis, Alexei and Dermendjieva, Ivayla and Yapit, Hussein and Borning, Alan and Friedman, Batya and Gill, Brian and Kohno, Tadayoshi},
 title = {Parenting from the Pocket: Value Tensions and Technical Directions for Secure and Private Parent-teen Mobile Safety},
 booktitle = {Proceedings of the Sixth Symposium on Usable Privacy and Security},
 series = {SOUPS '10},
 year = {2010},
 isbn = {978-1-4503-0264-7},
 location = {Redmond, Washington, USA},
 pages = {15:1--15:15},
 articleno = {15},
 numpages = {15},
 url = {http://doi.acm.org/10.1145/1837110.1837130},
 doi = {10.1145/1837110.1837130},
 acmid = {1837130},
 publisher = {ACM},
 address = {New York, NY, USA},
 keywords = {direct and indirect stakeholders, maturation, mobile phones, parenting technologies, privacy, safety, security, teenagers, value dams and flows, value sensitive design, value tensions},
} 

@inproceedings{nathan-2007,
 author = {Nathan, Lisa P. and Klasnja, Predrag V. and Friedman, Batya},
 title = {Value Scenarios: A Technique for Envisioning Systemic Effects of New Technologies},
 booktitle = {CHI '07 Extended 
Abstracts on Human Factors in Computing Systems},
 series = {CHI EA '07},
 year = {2007},
 isbn = {978-1-59593-642-4},
 location = {San Jose, CA, USA},
 pages = {2585--2590},
 numpages = {6},
 url = {http://doi.acm.org/10.1145/1240866.1241046},
 doi = {10.1145/1240866.1241046},
 acmid = {1241046},
 publisher = {ACM},
 address = {New York, NY, USA},
 keywords = {design method, design noir, scenario-based design, value scenarios, value sensitive design},
} 

@inproceedings{miller-2007,
 author = {Miller, Jessica K. and Friedman, Batya and Jancke, Gavin and Gill, Brian},
 title = {Value Tensions in Design: The Value Sensitive Design, Development, and Appropriation of a Corporation's Groupware System},
 booktitle = {Proceedings of the 2007 International ACM Conference on Supporting Group Work},
 series = {GROUP '07},
 year = {2007},
 isbn = {978-1-59593-845-9},
 location = {Sanibel Island, Florida, USA},
 pages = {281--290},
 numpages = {10},
 url = {http://doi.acm.org/10.1145/1316624.1316668},
 doi = {10.1145/1316624.1316668},
 acmid = {1316668},
 publisher = {ACM},
 address = {New York, NY, USA},
 keywords = {awareness, design method, emergent issues, groupware, human values, organizational culture, privacy, reputation, value dams and flows, value sensitive design},
} 

@article{halavais-2012,
  title={A Genealogy of Badges: Inherited Meaning and Monstrous Moral Hybrids},
  author={Halavais, Alexander MC},
  journal={Information, Communication, and Society},
  volume={15},
  number={3},
  pages={354--373},
  year={2012},
  publisher={Routledge}
}


@inproceedings{iacovides-2013,
 author = {Iacovides, Ioanna and Jennett, Charlene and Cornish-Trestrail, Cassandra and Cox, Anna L.},
 title = {Do Games Attract or Sustain Engagement in Citizen Science?: A Study of Volunteer Motivations},
 booktitle = {CHI '13 Extended Abstracts on Human Factors in Computing Systems},
 series = {CHI EA '13},
 year = {2013},
 isbn = {978-1-4503-1952-2},
 location = {Paris, France},
 pages = {1101--1106},
 numpages = {6},
 url = {http://doi.acm.org/10.1145/2468356.2468553},
 doi = {10.1145/2468356.2468553},
 acmid = {2468553},
 publisher = {ACM},
 address = {New York, NY, USA},
 keywords = {citizen science, engagement, games, gamification, motivation, online communities},
} 

@inproceedings{mamykina-2011,
 author = {Mamykina, Lena and Manoim, Bella and Mittal, Manas and Hripcsak, George and Hartmann, Bj\"{o}rn},
 title = {Design Lessons from the Fastest Q\&\#38;a Site in the West},
 booktitle = {Proceedings of the SIGCHI Conference on Human Factors in Computing Systems},
 series = {CHI '11},
 year = {2011},
 isbn = {978-1-4503-0228-9},
 location = {Vancouver, BC, Canada},
 pages = {2857--2866},
 numpages = {10},
 url = {http://doi.acm.org/10.1145/1978942.1979366},
 doi = {10.1145/1978942.1979366},
 acmid = {1979366},
 publisher = {ACM},
 address = {New York, NY, USA},
 keywords = {mixed methods analysis, q\&\#38;a},
} 

@article{antin-2011,
  title={Badges in social media: A social psychological perspective},
  author={Antin, Judd and Churchill, Elizabeth F},
  journal={CHI 2011 Gamification Workshop Proceedings (Vancouver, BC, Canada, 2011)},
  year={2011}
}

@inproceedings{anderson-2013,
 author = {Anderson, Ashton and Huttenlocher, Daniel and Kleinberg, Jon and Leskovec, Jure},
 title = {Steering User Behavior with Badges},
 booktitle = {Proceedings of the 22Nd International Conference on World Wide Web},
 series = {WWW '13},
 year = {2013},
 isbn = {978-1-4503-2035-1},
 location = {Rio de Janeiro, Brazil},
 pages = {95--106},
 numpages = {12},
 url = {http://dl.acm.org/citation.cfm?id=2488388.2488398},
 acmid = {2488398},
 publisher = {International World Wide Web Conferences Steering Committee},
 address = {Republic and Canton of Geneva, Switzerland},
 keywords = {badge placement problem, badges, steering},
} 

@inproceedings{depaoli-2012,
 author = {De Paoli, Stefano and De Uffici, Nicol\`{o} and D'Andrea, Vincenzo},
 title = {Designing Badges for a Civic Media Platform: Reputation and Named Levels},
 booktitle = {Proceedings of the 26th Annual BCS Interaction Specialist Group Conference on People and Computers},
 series = {BCS-HCI '12},
 year = {2012},
 location = {Birmingham, United Kingdom},
 pages = {59--68},
 numpages = {10},
 url = {http://dl.acm.org/citation.cfm?id=2377916.2377924},
 acmid = {2377924},
 publisher = {British Computer Society},
 address = {Swinton, UK, UK},
 keywords = {badges, civic media, interaction design, named levels, reputation, reputation systems},
} 

@article{schroer-2009,
	Author = {Joachim Schroer and Guido Hertel},
	Date = {2009/02/26},
	Date-Added = {2015-02-11 00:56:38 +0000},
	Date-Modified = {2015-02-11 00:56:38 +0000},
	Doi = {10.1080/15213260802669466},
	Dp = {Pubget},
	Isbn = {1521-3269},
	Journal = {Media Psychol},
	Journal1 = {Media Psychol},
	L2 = {http://www.ingentaconnect.com/content/routledg/mp/2009/00000012/00000001/art00005},
	La = {eng},
	Month = {02},
	Number = {1},
	Pages = {96--120},
	Title = {Voluntary Engagement in an Open Web-Based Encyclopedia: Wikipedians and Why They Do It},
	Ty = {JOUR},
	Url = {http://pubget.com/paper/pgtmp_184bb3ad1122b20b9bcdf566e2810c17/voluntary-engagement-in-an-open-web-based-encyclopedia-wikipedians-and-why-they-do-it},
	Volume = {12},
	Year = {2009},
	Bdsk-Url-1 = {http://pubget.com/paper/pgtmp_184bb3ad1122b20b9bcdf566e2810c17/voluntary-engagement-in-an-open-web-based-encyclopedia-wikipedians-and-why-they-do-it},
	Bdsk-Url-2 = {http://dx.doi.org/10.1080/15213260802669466}}


@inproceedings{eveleigh-2014,
 author = {Eveleigh, Alexandra and Jennett, Charlene and Blandford, Ann and Brohan, Philip and Cox, Anna L.},
 title = {Designing for Dabblers and Deterring Drop-outs in Citizen Science},
 booktitle = {Proceedings of the 32Nd Annual ACM Conference on Human Factors in Computing Systems},
 series = {CHI '14},
 year = {2014},
 isbn = {978-1-4503-2473-1},
 location = {Toronto, Ontario, Canada},
 pages = {2985--2994},
 numpages = {10},
 url = {http://doi.acm.org/10.1145/2556288.2557262},
 doi = {10.1145/2556288.2557262},
 acmid = {2557262},
 publisher = {ACM},
 address = {New York, NY, USA},
 keywords = {citizen science, dabblers, engagement, motivation},
} 

@inproceedings{dearman-2010,
 author = {Dearman, David and Truong, Khai N.},
 title = {Why Users of Yahoo!: Answers Do Not Answer Questions},
 booktitle = {Proceedings of the SIGCHI Conference on Human Factors in Computing Systems},
 series = {CHI '10},
 year = {2010},
 isbn = {978-1-60558-929-9},
 location = {Atlanta, Georgia, USA},
 pages = {329--332},
 numpages = {4},
 url = {http://doi.acm.org/10.1145/1753326.1753376},
 doi = {10.1145/1753326.1753376},
 acmid = {1753376},
 publisher = {ACM},
 address = {New York, NY, USA},
 keywords = {community, motivation, q\&\#38;a, question and answer},
} 

@INPROCEEDINGS{reed-2013, 
author={Reed, J. and Raddick, M.J. and Lardner, A. and Carney, K.}, 
booktitle={System Sciences (HICSS), 2013 46th Hawaii International Conference on}, 
title={An Exploratory Factor Analysis of Motivations for Participating in Zooniverse, a Collection of Virtual Citizen Science Projects}, 
year={2013}, 
month={Jan}, 
pages={610-619}, 
keywords={Internet;Web sites;computer mediated communication;scientific information systems;social sciences;Internet;VCS projects;Web site;Web survey;Zooniverse;exploratory factor analysis;motivations;social engagement;three-factor solution;virtual citizen science projects;volunteer participation;Astronomy;Context;Correlation;Educational institutions;Electronic mail;Loading}, 
doi={10.1109/HICSS.2013.85}, 
ISSN={1530-1605},}

@INPROCEEDINGS{prestopnik-2011, 
author={Prestopnik, N.R. and Crowston, Kevin}, 
booktitle={e-Science Workshops (eScienceW), 2011 IEEE Seventh International Conference on}, 
title={Gaming for (Citizen) Science: Exploring Motivation and Data Quality in the Context of Crowdsourced Science through the Design and Evaluation of a Social-Computational System}, 
year={2011}, 
month={Dec}, 
pages={28-33}, 
keywords={Internet;computer games;data handling;human computer interaction;information science;natural sciences computing;social sciences computing;IT artifacts;Web-based social-computational system;citizen science task;citizen sort;crowdsourced science;data quality;information science research;social-computational citizen science;taxonomic classification;Communities;Context;Games;Humans;Information science;Insects;Citizen Science;Data Quality;Design;Design Science;Games;Gaming;Motivation;Participation;Social Computational Systems}, 
doi={10.1109/eScienceW.2011.14},}

@article{oreg-2008,
 author = {Oreg, Shaul and Nov, Oded},
 title = {Exploring Motivations for Contributing to Open Source Initiatives: The Roles of Contribution Context and Personal Values},
 journal = {Comput. Hum. Behav.},
 issue_date = {September 2008},
 volume = {24},
 number = {5},
 month = sep,
 year = {2008},
 issn = {0747-5632},
 pages = {2055--2073},
 numpages = {19},
 url = {http://dx.doi.org/10.1016/j.chb.2007.09.007},
 doi = {10.1016/j.chb.2007.09.007},
 acmid = {1385812},
 publisher = {Elsevier Science Publishers B. V.},
 address = {Amsterdam, The Netherlands, The Netherlands},
 keywords = {Motivations, Open source, Personal values, Wikipedia},
} 

@inproceedings{nov-2011,
 author = {Nov, Oded and Arazy, Ofer and Anderson, David},
 title = {Dusting for Science: Motivation and Participation of Digital Citizen Science Volunteers},
 booktitle = {Proceedings of the 2011 iConference},
 series = {iConference '11},
 year = {2011},
 isbn = {978-1-4503-0121-3},
 location = {Seattle, Washington},
 pages = {68--74},
 numpages = {7},
 url = {http://doi.acm.org/10.1145/1940761.1940771},
 doi = {10.1145/1940761.1940771},
 acmid = {1940771},
 publisher = {ACM},
 address = {New York, NY, USA},
 keywords = {citizen science, crowdsourcing, motivation, participation, stardust@home},
} 

@inproceedings{harding-2013,
 author = {Harding, Mike and Finney, Joseph and Davies, Nigel and Rouncefield, Mark and Hannon, James},
 title = {Experiences with a Social Travel Information System},
 booktitle = {Proceedings of the 2013 ACM International Joint Conference on Pervasive and Ubiquitous Computing},
 series = {UbiComp '13},
 year = {2013},
 isbn = {978-1-4503-1770-2},
 location = {Zurich, Switzerland},
 pages = {173--182},
 numpages = {10},
 url = {http://doi.acm.org.offcampus.lib.washington.edu/10.1145/2493432.2493475},
 doi = {10.1145/2493432.2493475},
 acmid = {2493475},
 publisher = {ACM},
 address = {New York, NY, USA},
 keywords = {mobile devices, travel information},
} 

@inproceedings{campbell-2014,
 author = {Campbell, Megan and Bennett, Cynthia and Bonnar, Caitlin and Borning, Alan},
 title = {Where's My Bus Stop?: Supporting Independence of Blind Transit Riders with StopInfo},
 booktitle = {Proceedings of the 16th International ACM SIGACCESS Conference on Computers \& Accessibility},
 series = {ASSETS '14},
 year = {2014},
 isbn = {978-1-4503-2720-6},
 location = {Rochester, New York, USA},
 pages = {11--18},
 numpages = {8},
 url = {http://doi.acm.org/10.1145/2661334.2661378},
 doi = {10.1145/2661334.2661378},
 acmid = {2661378},
 publisher = {ACM},
 address = {New York, NY, USA},
 keywords = {accessible transit stops, community-sourcing, crowdsourcing, public transit, tools for blind and low vision riders},
} 

@inproceedings{moore-2007,
 author = {Moore, Trevor D. and Serva, Mark A.},
 title = {Understanding Member Motivation for Contributing to Different Types of Virtual Communities: A Proposed Framework},
 booktitle = {Proceedings of the 2007 ACM SIGMIS CPR Conference on Computer Personnel Research: The Global Information Technology Workforce},
 series = {SIGMIS CPR '07},
 year = {2007},
 isbn = {978-1-59593-641-7},
 location = {St. Louis, Missouri, USA},
 pages = {153--158},
 numpages = {6},
 url = {http://doi.acm.org/10.1145/1235000.1235035},
 doi = {10.1145/1235000.1235035},
 acmid = {1235035},
 publisher = {ACM},
 address = {New York, NY, USA},
 keywords = {blog, contribution, forum, knowledge base, knowledge sharing, motivation, virtual community, wiki},
} 

@inproceedings{lathia-2014,
 author = {Lathia, Neal and Capra, Licia},
 title = {Tube Star: Crowd-sourced Experiences on Public Transport},
 booktitle = {Proceedings of the 11th International Conference on Mobile and Ubiquitous Systems: Computing, Networking and Services},
 series = {MOBIQUITOUS '14},
 year = {2014},
 isbn = {978-1-63190-039-6},
 location = {London, United Kingdom},
 pages = {161--170},
 numpages = {10},
 url = {http://dx.doi.org/10.4108/icst.mobiquitous.2014.257846},
 doi = {10.4108/icst.mobiquitous.2014.257846},
 acmid = {2693005},
 publisher = {ICST (Institute for Computer Sciences, Social-Informatics and Telecommunications Engineering)},
 address = {ICST, Brussels, Belgium, Belgium},
 keywords = {crowd-sourcing, mobile, public transport},
} 

@article{wu-2007,
 author = {Wu, Chorng-Guang and Gerlach, James H. and Young, Clifford E.},
 title = {An Empirical Analysis of Open Source Software Developers' Motivations and Continuance Intentions},
 journal = {Inf. Manage.},
 issue_date = {April, 2007},
 volume = {44},
 number = {3},
 month = apr,
 year = {2007},
 issn = {0378-7206},
 pages = {253--262},
 numpages = {10},
 url = {http://dx.doi.org/10.1016/j.im.2006.12.006},
 doi = {10.1016/j.im.2006.12.006},
 acmid = {1243851},
 publisher = {Elsevier Science Publishers B. V.},
 address = {Amsterdam, The Netherlands, The Netherlands},
 keywords = {Continuance, Expectancy, Expectancy-value theory, Open source software, Satisfaction, Valence},
} 

@inproceedings{tausczik-2012,
 author = {Tausczik, Yla R. and Pennebaker, James W.},
 title = {Participation in an Online Mathematics Community: Differentiating Motivations to Add},
 booktitle = {Proceedings of the ACM 2012 Conference on Computer Supported Cooperative Work},
 series = {CSCW '12},
 year = {2012},
 isbn = {978-1-4503-1086-4},
 location = {Seattle, Washington, USA},
 pages = {207--216},
 numpages = {10},
 url = {http://doi.acm.org/10.1145/2145204.2145237},
 doi = {10.1145/2145204.2145237},
 acmid = {2145237},
 publisher = {ACM},
 address = {New York, NY, USA},
 keywords = {motivation, online communities, question-answering, scientific collaboration},
} 

@article{albrechtslund-2007,
  author = {Anders Albrechtslund},
  title = {Ethics and Technology Design},
  journal = {Ethics and Information Technology},
  volume = 9,
  number = 1,
  month = mar,
  year = 2007}

@inproceedings{alsheikh-cscw-2011,
author = {Alsheikh, Tamara and Rode, Jennifer A. and Lindley, Si\^{a}n E.},
 title = {{(Whose)} Value-Sensitive Design: A Study of Long-Distance 
   Relationships in an {Arabic} Cultural Context},
 booktitle = {Proceedings of the ACM 2011 Conference on Computer Supported 
   Cooperative Work},
 series = {CSCW '11},
 year = {2011},
 isbn = {978-1-4503-0556-3},
 location = {Hangzhou, China},
 pages = {75--84},
 numpages = {10},
 url = {http://doi.acm.org/10.1145/1958824.1958836},
 doi = {10.1145/1958824.1958836},
 acmid = {1958836},
 publisher = {ACM},
 address = {New York}}
                  
@mastersthesis{ayers-ms-2008,
  author = {Jesse Ayers},
  title = {Valuing Natural Amenities in Spatially Variable Contexts: 
   An Hedonic Pricing Study in {King County}, {WA}},
  school = {University of Washington},
  year = 2008}

@inproceedings{azenkot-chi-2011,
  author = {Shiri Azenkot and Sanjana Prasain and Alan Borning and 
    Emily Fortuna and Richard Ladner and Jacob Wobbrock},
  title = {Enhancing Independence and Safety for Blind and Deaf-Blind 
    Public Transit Riders},
  booktitle = {CHI '11},
  pages = {3247--3256},
  year = 2011}

@inproceedings{azenkot-gi-2012,
 author = {Azenkot, Shiri and Wobbrock, Jacob O. and Prasain, Sanjana and Ladner, Richard E.},
 title = {Input Finger Detection for Nonvisual Touch Screen Text Entry in Perkinput},
 booktitle = {Proceedings of Graphics Interface 2012},
 series = {GI '12},
 year = {2012},
 isbn = {978-1-4503-1420-6},
 location = {Toronto, Ontario, Canada},
 pages = {121--129},
 numpages = {9},
 url = {http://dl.acm.org.offcampus.lib.washington.edu/citation.cfm?id=2305276.2305297},
 acmid = {2305297},
 publisher = {Canadian Information Processing Society},
 address = {Toronto, Ont., Canada, Canada},
 keywords = {blind, mobile devices, text entry}} 
                  
@inproceedings{azenkot-assets-2012,
 author = {Azenkot, Shiri and Rector, Kyle and Ladner, Richard and Wobbrock, Jacob},
 title = {PassChords: Secure Multi-touch Authentication for Blind People},
 booktitle = {Proceedings of the 14th International ACM SIGACCESS Conference on Computers and Accessibility},
 series = {ASSETS '12},
 year = {2012},
 isbn = {978-1-4503-1321-6},
 location = {Boulder, Colorado, USA},
 pages = {159--166},
 numpages = {8},
 url = {http://doi.acm.org/10.1145/2384916.2384945},
 doi = {10.1145/2384916.2384945},
 acmid = {2384945},
 publisher = {ACM},
 address = {New York, NY, USA},
 keywords = {blind, mobile devices, privacy, security, touch screens}} 
                  
@inproceedings{azenkot-uist-2013,
 author = {Azenkot, Shiri and Bennett, Cynthia L. and Ladner, Richard E.},
 title = {DigiTaps: Eyes-free Number Entry on Touchscreens with Minimal Audio Feedback},
 booktitle = {Proceedings of the 26th Annual ACM Symposium on User Interface Software and Technology},
 series = {UIST '13},
 year = {2013},
 isbn = {978-1-4503-2268-3},
 location = {St.\ Andrews, Scotland, United Kingdom},
 pages = {85--90},
 numpages = {6},
 url = {http://doi.acm.org/10.1145/2501988.2502056},
 doi = {10.1145/2501988.2502056},
 acmid = {2502056},
 publisher = {ACM},
 address = {New York, NY, USA},
 keywords = {blind, eyes-free text entry, mobile devices., touchscreen}} 

@inproceedings{banovic-assets-2013,
 author = {Banovic, Nikola and Franz, Rachel L. and Truong, Khai
                  N. and Mankoff, Jennifer and Dey, Anind K.},
 title = {Uncovering Information Needs for Independent Spatial
                  Learning for Users Who Are Visually Impaired},
 booktitle = {ASSETS '13},
 year = {2013},
 pages = {24:1--24:8}}

@article{barbeau-its-2010,
  title = {The Travel Assistance Device: Utilising GPS-enabled Mobile Phones 
    to Aid Transit Riders with Special Needs},
  author = {Sean Barbeau and Philip Winters and Nevine Georggi and Miguel Labrador
    and Rafael Perez},
  journal={Intelligent Transport Systems, Institution of Engineering and Technology},
  volume={4},
  number={1},
  pages={12--23},
  year=2010}
  publisher={IET}

@article{barbeau-trb-2010,
  title={Global Positioning System Integrated with Personalized Real-Time Transit 
    Information from Automatic Vehicle Location},
  author={Sean Barbeau and Nevine Georggi and Philip Winters},
  journal={Transportation Research Record: Journal of the 
    Transportation Research Board},
  volume={2143},
  number={1},
  pages={168--176},
  year=2010}

@article{barbeau-ieee-pervasive-2011,
  title={A Location-Aware Framework for Intelligent Real-time Mobile Applications},
  author={Sean Barbeau and Rafael Perez and Miguel Labrador and Alfredo Perez
   and Philip Winters and Nevine Georggi},
  journal={IEEE Pervasive Computing},
  volume={10},
  number={3},
  pages={58--67},
  year=2011}

@inproceedings{barbeau-trb-2014,
  author = {Sean Barbeau and Alan Borning and Kari Watkins},
  title = {OneBusAway Multi-Region --- Rapidly Expanding Mobile
                  Transit Apps to New Cities},
  booktitle = {Proceedings of the 2014 Transportation Research Board
                  Annual Meeting},
  month = jan,
  year = 2014,
  location = {Washington DC},
  note = {To appear}}

@inproceedings{bigham-assets-2011,
 author = {Bigham, Jeffrey P. and Ladner, Richard E. and Borodin, Yevgen},
 title = {The Design of Human-powered Access Technology},
 booktitle = {Proceedings of the 13th International ACM SIGACCESS
                  Conference on Computers and Accessibility},
 series = {ASSETS '11},
 year = {2011},
 isbn = {978-1-4503-0920-2},
 location = {Dundee, Scotland, UK},
 pages = {3--10},
 numpages = {8},
 url = {http://doi.acm.org/10.1145/2049536.2049540},
 doi = {10.1145/2049536.2049540},
 acmid = {2049540},
 publisher = {ACM},
 address = {New York, NY, USA},
 keywords = {access technology, crowdsourcing, human computation}} 
                  
@phdthesis{bolechala-phd,
  author = {Arica Bolechala},
  title = {Evaluating the Effectiveness of the Travel Assistance Device on the 
   Bus Riding Behavior of Individuals with Disabilities},
  year={2010},
  school={University of South Florida}}

@inproceedings{bolechala-abai-2011,                  
  author = {Arica Bolechala and R. Miltenberger and Sean Barbeau and M. Gordon},
  title = {Evaluating the Effectiveness of the Travel Assistance Device on the 
    Bus Riding Behavior of Individuals with Disabilities},
  booktitle = {Proceedings of the 37th Association for Behavior Analysis International
   (ABAI) Annual Convention}, 
  address = {Denver, CO},                  
  month = jan,
  year = 2011}
                  
@book{benkler-2006,
 author = {Yochai Benkler},
 title = {The Wealth of Networks: How Social Production Transforms 
     Markets and Freedom},
 year = 2006,
 publisher = {Yale University Press},
 address = {New Haven, CT}}

@book{bennett-segerberg-2012,
  author = {W. Lance Bennet and Alexandra Segerberg},
  title = {The Logic of Connective Action},
  publisher = {Cambridge University Press},
  year = 2012,
  note = {in press}}

@book{bjerknes-computers-and-democracy-1987,
  title={Computers and Democracy -- A {Scandinavian} Challenge},
  author={Bjerknes, Gro and Ehn, Pelle and Kyng, Morten},
  year=1987,
  publisher={Gower Publishing Ltd}}

@inproceedings{borning-ecscw-2005,
   author = {Alan Borning and Batya Friedman and Janet Davis and Peyina Lin},
   title = {Informing Public Deliberation: Value Sensitive Design of
            Indicators for a Large-Scale Urban Simulation},
   booktitle = {ECSCW},
   month = sep,
   year = 2005}
                  
@incollection{borning-dg-book-2008,
   author = {Alan Borning and Paul Waddell and Ruth F\"{o}rster},
   title = {{UrbanSim}: Using Simulation to Inform Public Deliberation
               and Decision-Making},
   editor = {Hsinchun Chen and others},
   booktitle = {Digital Government: E-Government Research, Case Studies,
                and Implementation},
   publisher = {Springer Verlag},
   year = 2008,
   pages = {439--464}}

@inproceedings{borning-dgo-tekoa-2008,
   author = {Alan Borning and Hana {\v{S}}ev\v{c}\'{\i}kov\'{a} and 
             Paul Waddell},
   title = {A Domain-Specific Language for Urban Simulation Variables},
   booktitle = {Proceedings of the 9th Annual International Conference on
                Digital Government Research},
   address = {Montr\'{e}al, Canada},
   month = may,
   year = 2008}

@inproceedings{borning-chi-2012,
  author = {Alan Borning and Michael Muller},
  title = {Next Steps for Value Sensitive Design},
  booktitle = {CHI '12},
  year = {2012},
  pages = {1125--1134}}

@article{borning-information-polity-2009,
  author = {Alan Borning and Batya Friedman and Janet Davis and Brian Gill
            and Peter Kahn and Travis Kriplean and Peyina Lin},
  title = {Public Participation and Value Advocacy in Information Design and
           Sharing: Laying the Foundations in Advance of Wide-scale 
           Public Deployment},
  journal = {Information Polity},
  volume = 14,
  number = {1--2},
  year = 2009,
  pages = {61--74}}
                  
@inproceedings{bryant-group-2005,
  author = {Bryant, Susan L. and Forte, Andrea and Bruckman, Amy},
  title = {Becoming {Wikipedian}: Transformation of Participation in a
                  Collaborative Online Encyclopedia},
  booktitle = {Proceedings of the 2005 International ACM SIGGROUP
                  Conference on Supporting Group Work},
  series = {GROUP '05},
  year = {2005},
  isbn = {1-59593-223-2},
  location = {Sanibel Island, Florida, USA},
  pages = {1--10},
  numpages = {10},
  url = {http://doi.acm.org/10.1145/1099203.1099205},
  doi = {10.1145/1099203.1099205},
  acmid = {1099205},
  publisher = {ACM},
  address = {New York, NY, USA},
  keywords = {Wiki, Wikipedia, activity theory, community, legitimate
                  peripheral participation}}

@article{cappella-mcdonnall-visual-impairment-2007,
  author = {Michele Capella-McDonnall},
  title = {The Need for Health Promotion for Adults Who Are Visually Impaired},
  journal = {Journal of Visual Impairment \& Blindness},
  volume = 101,
  number = 3,
  month = mar,
  year = 2007}
                  
@phdthesis{davis-phd,
   author = {Janet Davis},
   title = {Value Sensitive Design of Interactions with {UrbanSim} Indicators},
   school = {Dept.\ of Computer Science \& Engineering,
             University of Washington},
   year = 2006}

@inproceedings{denning-chi-2010,
 author = {Tamara Denning and Alan Borning and Batya Friedman and Brian Gill and
   Yoshi Kohno and William Maisel},
 title = {Patients, Pacemakers, and Implantable Defibrillators: Human
          Values and Security for Wireless Implantable Medical Devices},
 booktitle = {Proceedings of the SIGCHI Conference on Human Factors 
    in Computing Systems},
 series = {CHI '10},
 year = {2010},
 location = {Atlanta, Georgia},
 publisher = {ACM}}
 
@inproceedings{faridani-chi-2010,
 author = {Siamak Faridani and Ephrat Bitton and Kimiko Ryokai and 
    Ken Goldberg},
 title = {Opinion Space: A Scalable Tool for Browsing Online Comments},
 booktitle = {Proceedings of the SIGCHI Conference on Human Factors in Computing Systems},
 series = {CHI '10},
 year = {2010},
 isbn = {978-1-60558-929-9},
 location = {Atlanta, Georgia, USA},
 pages = {1175--1184},
 numpages = {10},
 url = {http://doi.acm.org/10.1145/1753326.1753502},
 doi = {10.1145/1753326.1753502},
 acmid = {1753502},
 publisher = {ACM},
 address = {New York}}

@inproceedings{ferris-chi-2010,
 author = {Brian Ferris and Kari Watkins and Alan Borning},
 title = {{OneBusAway}: Results from Providing Real-time Arrival Information
   for Public Transit},
 booktitle = {CHI '10},
 year = {2010},
 pages = {1807--1816}}

@article{ferris-ieee-pervasive-computing-2010,
  author = {Brian Ferris and Kari Watkins and Alan Borning},
  title = {Location-Aware Tools for Improving Public Transit Usability},
  journal = {IEEE Pervasive Computing},
  volume = 9,
  number = 1,
  month = {Jan--Mar},
  year = 2010,
  pages = {13--19}}

@inproceedings{ferris-mobicase-2009,
  author = {Brian Ferris and Kari Watkins and Alan Borning},
  title = {{OneBusAway}: A Transit Traveler Information System},
  booktitle = {Proceedings of the First Annual International Conference on 
    Mobile Computing, Applications, and Services},
  month = oct,                   
  year = 2009,
 location = {San Diego, CA}}
                  
@phdthesis{ferris-phd,
   author = {Brian Ferris},
   title = {{OneBusAway}: Improving the Usability of Public Transit},
   school = {Dept.\ of Computer Science \& Engineering,
             University of Washington},
   year = 2011}
                  
@inproceedings{ferris-trb-2011,
  author = {Brian Ferris and Kari Watkins and Alan Borning},
  title = {{OneBusAway}: Behavioral and Satisfaction Changes Resulting from 
    Providing Real-Time Arrival Information for Public Transit},
  booktitle = {Proceedings of the 2011 Transportation Research Board Annual Meeting},
  month = jan,
  year = 2011,
  location = {Washington DC}}

@inproceedings{foti-regional-science-2012,
  author = {Fletcher Foti and Paul Waddell and Dennis Luxen},
  title = {A Generalized Computational Framework for Accessibility: 
   From the Pedestrian to the Metropolitan Scale},
  booktitle = {Western Regional Science Association Meetings},
  location = {Kauai, Hawaii},
  month = feb,
  year = 2012}

@book{franklin-letters,
  editor = {Leonard Labaree and Whifield Bell},
  title = {Mr.\ Franklin: A Selection from His Personal Letters},
  publisher = {Yale University Press},
  year = 1954}

@article{fraser-social-text-2008,
    author = {Nancy Fraser},
    journal = {Social Text},
    title = {A Contribution to the Critique of Actually Existing Democracy},
    year = 1990,
    note = {No. 25/26}}
  
@inproceedings{freelon-jitp-conference-2011,
  author = {Deen G. Freelon and Travis Kriplean and Jonathan Morgan and
        W. Lance Bennett and Alan Borning},
  title = {Facilitating Encounters with Political Difference:
       Engaging Voters with the {Living Voters Guide}},
  booktitle = {Third Annual Journal of Information Technology \& Politics 
      Conference},
  address = {Seattle, WA},                    
  year = 2011,
  Note = {A revised version appears in the \emph{Journal of Information 
     Technology \& Politics}}}

@article{freelon-jitp-2012,
  author = {Deen G. Freelon and Travis Kriplean and Jonathan Morgan and
        W. Lance Bennett and Alan Borning},
  title = {Facilitating Diverse Political Engagement with the 
        {Living Voters Guide}},
  journal = {Journal of Information Technology \& Politics},
  volume = 9,
  number = 3,
  pages = {279--297},
  year = 2012}

@phdthesis{freelon-phd,
  author = {Deen Freelon},
  title = {Democracies of Design: How Discourse Architecture
       Shapes Online Political Talk},
  school = {Department of Communication, University of Washington},
  month = dec,
  year = 2011}
                  
@incollection{friedman-amis-2006,
   author = {Batya Friedman and Peter H. {Kahn Jr.} and Alan Borning},
   title = {Value Sensitive Design and Information Systems:
            Three Case Studies},
   booktitle = {Human-Computer Interaction and Management
                Information Systems: Foundations},
   publisher = {M.E. Sharpe},
   year = 2006,
   editors = {Ping Zhang and Dennis Galletta}}
                  
@inproceedings{friedman-dgo-2008,
   author = {Batya Friedman and Alan Borning and Janet Davis and Brian Gill
      and Peter Kahn and Travis Kriplean and Peyina Lin},
   title = {Laying the Foundations for Public Participation and Value Advocacy: 
     Interaction Design for a Large Scale Urban Simulation},
   booktitle = {Proceedings of the 9th Annual International Conference on
                Digital Government Research},
   address = {Montr\'{e}al, Canada},
   month = may,
   year = 2008}

@inproceedings{friedman-chi-2012,
 author = {Friedman, Batya and Hendry, David},
 title = {The Envisioning Cards: A Toolkit for Catalyzing Humanistic
                  and Technical Imaginations},
 booktitle = {Proceedings of the SIGCHI Conference on Human Factors in
                  Computing Systems},
 series = {CHI '12},
 year = {2012},
 isbn = {978-1-4503-1015-4},
 location = {Austin, Texas, USA},
 pages = {1145--1148},
 numpages = {4},
 url = {http://doi.acm.org/10.1145/2207676.2208562},
 doi = {10.1145/2207676.2208562},
 acmid = {2208562},
 publisher = {ACM},
 address = {New York, NY, USA},
 keywords = {creativity, design method, envisioning cards, pervasiveness, 
  stakeholders, time, value sensitive design, values}}

@mastersthesis{gooze-ms-2013,
  author = {Aaron Gooze},
  title = {Real-time Transit Information Accuracy: Impacts and
                  Proposed Solutions},
  school = {School of Civil and Environmental Engineering and the
                  School of City and Regional Planning, Georgia Tech},
  year = 2013}

@inproceedings{gooze-trb-2013,
  author = {Aaron Gooze and Kari Watkins and Alan Borning},
  title = {Benefits of Real-Time Transit Information and the Impacts of 
    Data Accuracy on the Rider Experience},
  booktitle = {Proceedings of the 2013 Transportation Research Board Annual Meeting},
  month = jan,
  year = 2013,
 location = {Washington DC}}

@inproceedings{guentert-assets-2011,
 author = {Guentert, Markus},
 title = {Improving Public Transit Accessibility for Blind Riders: 
   A Train Station Navigation Assistant},
 booktitle = {ASSETS '11},
 year = {2011},
 pages = {317--318}}

@inproceedings{guy-chi-2012,
 author = {Guy, Richard and Truong, Khai},
 title = {{CrossingGuard}: Exploring Information Content in Navigation
                  Aids for Visually Impaired Pedestrians},
 booktitle = {CHI '12},
 year = {2012},
 pages = {405--414}}

@book{habermas-communicative-action,
  author = {J\"{u}rgen Habermas}, 
  title = {The Theory of Communicative Action},
  volume = 1,                   
  publisher = {Beacon Press},
  address = {Boston},
  year = 1984,
  note = {T. McCarthy, trans.}}
                  
@book{habermas-evolution-of-society,
  author = {J\"{u}rgen Habermas},                 
  title = {Communication and the Evolution of Society},
  publisher = {Beacon Press},
  address = {Boston},
  year = 1979, 
  note = {T. McCarthy, trans.}}

@article{haklay-environment-planning-b-2010,
  author = {Mordechai Haklay},
  title = {How Good is Volunteered Geographic Information?  {A}
                  Comparative Study of {OpenStreetMap} and Ordnance
                  Survey Datasets},
  journal = {Environment and Planning B},
  volume = 37,
  year = 2010,
  pages = {682--703}}
                  
@inproceedings{hara-assets-2013,
  author = {Hara, Kotaro and Azenkot, Shiri and Campbell, Megan and
                  Bennett, Cynthia L. and Le, Vicki and Pannella, Sean
                  and Moore, Robert and Minckler, Kelly and Ng,
                  Rochelle H. and Froehlich, Jon E.},
  title = {Improving Public Transit Accessibility for Blind Riders by
                  Crowdsourcing Bus Stop Landmark Locations with
                  {Google Street View}},
  booktitle = {ASSETS '13},
  year = {2013},
  pages = {16:1--16:8}}
                  
@inproceedings{henry-robotics-conference-2010,                  
  author = {Peter Henry and Christian Vollmer and Brian Ferris and Dieter Fox},
  title = {Learning to Navigate through Crowded Environments},
  booktitle = {Proceedings of the IEEE International Conference on Robotics \& 
   Automation (ICRA)}, 
  year = 2010}
                  
@book{huberman-book,
  author = {Bernardo Huberman},
  title = {The Laws Of The Web: Patterns in the Ecology of Information},
  publisher = {MIT Press},
  year = 2001}

@incollection{jankowski-2002,
  author = {Nicholas Jankowski and Ren\'{e}e {Van Os}},
  title = {Internet-based Political Discourse: A Case Study of Electronic 
       Democracy in Hoogeveen},
  booktitle = {The Prospects for Political Renewal Through the Internet},
  editor = {Peter Shane},                  
  publisher = {Routledge},
  address = {New York and London},
  pages = {181--194},                  
  year = 2002}

@inbook{kahn-book,
  author = {Peter Kahn},
  chapter = {5: Structural-developmental Methods},
  title = {The Human Relationship with Nature: Development and Culture},
  publisher = {MIT Press},
  year = 1999, 
  pages = {77--93}}
                  
@inproceedings{kane-assets-2009,
  author = {Shaun Kane and Chandrika Jayant and Jacob Wobbrock and Richard Ladner},
  title = {Freedom to Roam: A Study of Mobile Device Adoption and Accessibility 
    for People with Visual and Motor Disabilities},
  booktitle = {Proceedings of the 11th International ACM SIGACCESS Conference on 
    Computers and Accessibility},
 series = {ASSETS '09},
 year = {2009},
 isbn = {978-1-60558-558-1},
 location = {Pittsburgh, Pennsylvania, USA},
 pages = {115--122},
 numpages = {8},
 url = {http://doi.acm.org/10.1145/1639642.1639663},
 doi = {10.1145/1639642.1639663},
 acmid = {1639663},
 publisher = {ACM},
 address = {New York}}

@inproceedings{kriplean-cscw-2008,
  author = {Travis Kriplean and Ivan Beschastnikh and David W. {McDonald}},
  title = {Articulations of {Wikiwork}: Uncovering Valued Work in
                  {Wikipedia} Through Barnstars},
  booktitle = {Proc. CSCW 2008},
  year = {2008},
  pages = {47--56}}

@inproceedings{kriplean-chi-2012,
 author = {Travis Kriplean and Michael Toomim and Jonathan Morgan and 
   Alan Borning and Andrew Ko},
 title = {Is This What You Meant?: Promoting Listening on the Web 
      with Reflect},
 booktitle = {Proceedings of the SIGCHI Conference on Human Factors 
      in Computing Systems},
 series = {CHI '12},
 year = {2012},
 location = {Austin, Texas},
 pages = {1559--1568},
 numpages = {10},
 url = {http://doi.acm.org/10.1145/2207676.2208621},
 doi = {10.1145/2207676.2208621},
 acmid = {2208621},
 publisher = {ACM},
 address = {New York}}

@inproceedings{kriplean-cscw-horizons-2011,
 author = {Travis Kriplean and Michael Toomim and Jonathan Morgan and 
   Alan Borning and Andrew Ko},
 title = {Supporting Active Listening and Grounding on the Web through 
     Restatement}, 
 booktitle = {Horizons track, ACM Conference on Computer 
     Supported Cooperative Work},
 series = {CSCW '11},
 year = {2011},
 location = {Hangzhou, China},
 publisher = {ACM},
 address = {New York}}

@inproceedings{kriplean-cscw-demo-2011,
 author = {Travis Kriplean and Michael Toomim and Jonathan Morgan and 
   Alan Borning and Andrew Ko},
 title = {The {Living Voters Guide} and {ConsiderIt}: Usable Deliberation
     for Public Consideration of Difficult Issues}, 
 booktitle = {Demos track, ACM Conference on Computer 
     Supported Cooperative Work},
 series = {CSCW '11},
 year = {2011},
 location = {Hangzhou, China},
 publisher = {ACM},
 address = {New York}}

@inproceedings{kriplean-cscw-2012,
 author = {Travis Kriplean and Jonathan Morgan and Deen Freelon and
    Alan Borning and W. Lance Bennett},
 title = {Supporting Reflective Public Thought with {ConsiderIt}},
 booktitle = {Proceedings of the ACM 2012 Conference on Computer 
     Supported Cooperative Work},
 series = {CSCW '12},
 year = {2012},
 location = {Seattle, Washington, USA},
 pages = {265--274},
 numpages = {10},
 url = {http://doi.acm.org/10.1145/2145204.2145249},
 doi = {10.1145/2145204.2145249},
 acmid = {2145249},
 publisher = {ACM},
 address = {New York}}

@inproceedings{kriplean-dgo-2010,
   author = {Travis Kriplean and Alan Borning and Paul Waddell and Christoffer Klang
      and James Fogarty},
   title = {Supporting Agile Modeling through Experimentation in an Integrated 
      Urban Simulation Framework},
   booktitle = {Proceedings of the 11th Annual International Conference on
                Digital Government Research},
   address = {Puebla, Mexico},
   month = may,
   year = 2010,
   pages = {112--121}}
 
@phdthesis{kriplean-phd,
  author = {Travis Kriplean},
  title = {Encouraging Reflective Discussion on the Web},
  school = {Department of Computer Science and Engineering,
      University of Washington},
  month = dec,
  year = 2011}

@inproceedings{ledantec-chi-2009,
author = {Le Dantec, Christopher A. and Poole, Erika Shehan and Wyche, Susan P.},
 title = {Values as lived experience: evolving value sensitive design in support of value discovery},
 booktitle = {Proceedings of the SIGCHI Conference on Human Factors in Computing Systems},
 series = {CHI '09},
 year = {2009},
 isbn = {978-1-60558-246-7},
 location = {Boston, MA, USA},
 pages = {1141--1150},
 numpages = {10},
 url = {http://doi.acm.org/10.1145/1518701.1518875},
 doi = {10.1145/1518701.1518875},
 acmid = {1518875},
 publisher = {ACM},
 address = {New York}}

@inproceedings{lee-travel-behavior-2009,
  author = {Brian Lee and Paul Waddell},
  title = {Incorporating Residential Mobility into Residence Location
                  Choice Model in a Microsimulation Context},
  booktitle = {12th International Conference of the International
                  Association for Travel Behaviour Research},
  address = {Jaipur, India},
  month = dec,
  year = 2009}

@article{lee-environment-planning-2010,
  author = {Brian Lee and Paul Waddell and Liming Wang and Ram Pendyala},
  title = {Re-examining the Influence of Work and Non-work Accessibility 
    on Residential Location Choices with a Micro-analytic Framework},
  journal = {Environment and Planning A},
  volume = 42,
  year = 2010}
                  
@article{lee-transportation-2010,
  author = {Brian Lee and Paul Waddell},
  title = {Residential Mobility and Location Choice A Nested Logit
                  Model with Sampling of Alternatives},
  journal = {Transportation},
  volume = 37,
  year = 2010}
 
@article{maclean-trb-2002,
  author = {S. D. Maclean and Daniel Dailey},
  title = {Wireless Internet Access to Real-Time Transit Information},
  journal = {Journal of the Transportation Research Board},
  volume = 1791,
  year = 2002}

@inproceedings{mankoff-assets-2010,
 author = {Mankoff, Jennifer and Hayes, Gillian R. and Kasnitz, Devva},
 title = {Disability Studies As a Source of Critical Inquiry for the Field of Assistive Technology},
 booktitle = {Proceedings of the 12th International ACM SIGACCESS Conference on Computers and Accessibility},
 series = {ASSETS '10},
 year = {2010},
 isbn = {978-1-60558-881-0},
 location = {Orlando, Florida, USA},
 pages = {3--10},
 numpages = {8},
 url = {http://doi.acm.org/10.1145/1878803.1878807},
 doi = {10.1145/1878803.1878807},
 acmid = {1878807},
 publisher = {ACM},
 address = {New York},
 keywords = {assistive technology, disability studies},
} 

@inproceedings{mao-hcomp-2013,
  author = {Mao, Andrew and Kamar, Ece and Chen, Yiling and Horvitz, Eric 
   and Schwamb, Megan E. and Lintott, Chris J. and Smith, Arfon M.},
  series = {HCOMP '13},
  isbn = {978-1-57735-607-3},
  publisher = {AAAI},
  title = {Volunteering Versus Work for Pay: Incentives and Tradeoffs in Crowdsourcing},
  booktitle = {Proceedings of the First AAAI Conference on Human Computation and Crowdsourcing},                  
  url = {http://dblp.uni-trier.de/db/conf/hcomp/hcomp2013.html#MaoKCHSLS13},
  year = {2013}}


@inproceedings{mashhadi-wikisym-2012,
 author = {Mashhadi, Afra and Quattrone, Giovanni and Capra, Licia and
                  Mooney, Peter},
 title = {On the Accuracy of Urban Crowd-sourcing for Maintaining
                  Large-scale Geospatial Databases},
 booktitle = {Proceedings of the Eighth Annual International Symposium
                  on Wikis and Open Collaboration},
 series = {WikiSym '12},
 year = {2012},
 isbn = {978-1-4503-1605-7},
 location = {Linz, Austria},
 pages = {15:1--15:10},
 articleno = {15},
 numpages = {10},
 url = {http://doi.acm.org/10.1145/2462932.2462952},
 doi = {10.1145/2462932.2462952},
 acmid = {2462952},
 publisher = {ACM},
 address = {New York, NY, USA}}

@inproceedings{miller-chi-2007,                  
  author = {Jessica Miller and Batya Friedman and G. Jancke and Brian Gill},
  title = {Value Tensions in Design: The Value Sensitive Design, Development,
     and Appropriation of a Corporation’s Groupware Software},
  booktitle = {CHI 2007},
  year = 2007}                  

@misc{muchow-ios-developer-tips,
  author = {John Muchow},
  title = {Launching Your {iPhone} App Via Custom URL Scheme},
  month = dec,
  year = 2008,
  howpublished = {\url{http://iosdevelopertips.com/cocoa/launching-your-own-application-via-a-custom-url-scheme.html}},
  note = {Page accessed Jan 2014}}
                  
@inproceedings{nathan-dis-2008,
 author = {Nathan, Lisa P. and Friedman, Batya and Klasnja, Predrag
                  and Kane, Shaun K. and Miller, Jessica K.},
 title = {Envisioning Systemic Effects on Persons and Society
                  Throughout Interactive System Design},
 booktitle = {Proceedings of the 7th ACM Conference on Designing
                  Interactive Systems},
 series = {DIS '08},
 year = {2008},
 isbn = {978-1-60558-002-9},
 location = {Cape Town, South Africa},
 pages = {1--10},
 numpages = {10},
 url = {http://doi.acm.org/10.1145/1394445.1394446},
 doi = {10.1145/1394445.1394446},
 acmid = {1394446},
 publisher = {ACM},
 address = {New York, NY, USA},
 keywords = {design methods, design noir, envisioning, scenario-based
                  design, sustainability, ubiquitous computing, urban
                  planning, value scenarios, value sensitive design,
                  values}} 

@article{nov-2007,
 author = {Nov, Oded},
 title = {What Motivates Wikipedians?},
 journal = {Commun. ACM},
 issue_date = {November 2007},
 volume = {50},
 number = {11},
 month = nov,
 year = {2007},
 issn = {0001-0782},
 pages = {60--64},
 numpages = {5},
 url = {http://doi.acm.org/10.1145/1297797.1297798},
 doi = {10.1145/1297797.1297798},
 acmid = {1297798},
 publisher = {ACM},
 address = {New York, NY, USA},
} 

@misc{openstreetmaps-routing,
  author = {{OpenStreetMap Wiki}},
  title = {Routing/online routers},
  year = 2013,
  howpublished  = {\url{http://wiki.openstreetmap.org/wiki/Routing/online_routers}},
  note = {Page accessed Jan 2014, last modified 22 Nov 2013}}
                  
@inproceedings{panciera-chi-2010,
 author = {Panciera, Katherine and Priedhorsky, Reid and Erickson,
                  Thomas and Terveen, Loren},
 title = {Lurking? {Cyclopaths?}: A Quantitative Lifecycle Analysis of
                  User Behavior in a Geowiki},
 booktitle = {CHI '10},
 year = {2010},
 pages = {1917--1926}}

@article{pendyala-trb-2012,
  title={Integrated Land Use-Transport Model System with Dynamic
                  Time-Dependent Activity-Travel Microsimulation},
  author={Pendyala, Ram M and Konduri, Karthik C and Chiu, Yi-Chang
                  and Hickman, Mark and Noh, Hyunsoo and Waddell, Paul
                  and Wang, Liming and You, Daehyun and Gardner,
                  Brian},
  journal={Transportation Research Record: Journal of the
                  Transportation Research Board},
  volume={2303},
  number={1},
  pages={19--27},
  year={2012}}
  publisher={Trans Res Board}

@article{pinjari-transportation-2011,
  title={Modeling the Choice Continuum: An Integrated Model of
                  Residential Location, Auto Ownership, Bicycle
                  Ownership, and Commute Tour Mode Choice Decisions},
  author={Pinjari, Abdul Rawoof and Pendyala, Ram M and Bhat, Chandra
                  R and Waddell, Paul A},
  journal={Transportation},
  volume={38},
  number={6},
  pages={933--958},
  year={2011},
  publisher={Springer}}

@inproceedings{prasain-assets-2011,
 author = {Prasain, Sanjana},
 title = {StopFinder: Improving the Experience of Blind Public Transit Riders with Crowdsourcing},
 booktitle = {\mbox{ASSETS '11}},
 year = {2011},
 pages = {323--324}}
                  
@inproceedings{priedhorsky-wikisym-2007,
 author = {Priedhorsky, Reid and Jordan, Benjamin and Terveen, Loren},
 title = {How a Personalized Geowiki Can Help Bicyclists Share
                  Information More Effectively},
 booktitle = {WikiSym '07},
 year = {2007},
 pages = {93--98}}

@inproceedings{quinones-chi-2011,
 author = {Qui\~{n}ones, Pablo-Alejandro and Greene, Tammy and Yang,
                  Rayoung and Newman, Mark},
 title = {Supporting Visually Impaired Navigation: A Needs-finding
                  Study},
 booktitle = {CHI Extended Abstracts '11},
 year = {2011},
 pages = {1645--1650}}
                  
@article{rundle-prevmed-2011,
 author = {Andrew Rundle and Michael Bader and Catherine Richards and Kathryn Neckerman and Julien Teitler},
 title = {Using Google Street View to audit neighborhood environments},
 journal = {American Journal of Preventive Medicine},
 volume = 40,
 number = 1,
 pages = {94--100},
 year = 2011,
 doi = {10.1016/j.amepre.2010.09.034}}
@incollection{schuler-2009,
 author = {Douglas Schuler},
 title = {Online Civic Deliberation with E-liberate},
 booktitle = {Online Deliberation: Design, Research, \& Practice},
 editor = {Todd Davies and Seeta Pena Gangadharan},
 publisher =  {Center for the Study of Language and Information},
 year = 2009}
 
@inproceedings{schultheiss-ucc-2013,
 author = {Schultheiss, Daniel and Blieske, Anja and Solf, Anja and Staeudtner, Saskia},
 title = {How to Encourage the Crowd? A Study About User Typologies and Motivations on Crowdsourcing Platforms},
 booktitle = {Proc.\ 2013 IEEE/ACM 6th Int'l Conf on Utility and Cloud Computing},
 year = {2013},
 pages = {506--509}}

@incollection{shanks-2009,
 author = {Bayle Shanks and Dana Dahlstrom},
 title = {A Module for Parliamentary Procedure},
 booktitle = {Online Deliberation: Design, Research, \& Practice},
 editor = {Todd Davies and Seeta Pena Gangadharan},
 publisher =  {Center for the Study of Language and Information},
 year = 2009}

@inproceedings{steinfeld-trb-2011,
  title={Mobile Transit Rider Information via Universal Design and
                  Crowdsourcing},
  author={Steinfeld, Aaron and Zimmerman, John and Tomasic, Anthony
                  and Yoo, Daisy and Aziz, Rafae Dar},
  booktitle={Proceedings from Transportation Research Board 2011
                  Annual Meeting},
  year={2011}}

@inproceedings{steins-chi-2011,
  author = {Christian Steins and Christoph Peschel and Daniel Warnke and 
    Alan Borning},
  title = {Playful Civic Engagement Using Large Public Displays},
  booktitle = {Large Displays in Urban Life Workshop, CHI 2012},
  year = 2011,
  location = {Vancouver, B.C.}}

@inproceedings{torre-group-2010,
 author = {Torre, Fernando and Sheppard, S. Andrew and Priedhorsky,
                  Reid and Terveen, Loren},
 title = {{bumpy, caution with merging:} {An} Exploration of Tagging in
                  a Geowiki},
 booktitle = {GROUP '10},
 year = {2010},
 pages = {155--164}}
 
@inproceedings{tran-its-world-congress-2011,                  
  author = {Khoa Tran and Ed Hillsman and Sean J. Barbeau and Miguel Labrador},
  title = {GO-Sync – A Framework to Synchronize Crowd-Sourced Mapping
                  Contributions From Online Communities and Transit
                  Agency Bus Stop Inventories},
  booktitle = {Proceedings of the 2011 ITS World Congress}, 
  location = {Orlando, FL},
  month = oct,
  year = 2011}

@inproceedings{tsolkas-panhellenic-2012,
  author = {D. Tsolkas and N. Passas and C. Xenakis and V. Papataxiarhis
    and V. Tsetsos},
  title = {Busfinder: A Personalized Multimodal Transportation Guide
                  with Dynamic Routing},
  booktitle = {Proceedings of the 16th Panhellenic Conference on Informatics},
  location = {Piraeus, Greece}, 
  month = oct,
  year = 2012}
                  
@inproceedings{volkel-assets-2008,
 author = {V\"{o}lkel, Thorsten and Weber, Gerhard},
 title = {{RouteCheckr}: Personalized Multicriteria Routing 
   for Mobility Impaired Pedestrians},
 booktitle = {ASSETS '08},
 year = {2008},
 pages = {185--192}}
                  
@article{waddell-transport-reviews-2010,
  author = {Paul Waddell},
  title = {Integrated Land Use and Transportation Planning and Modeling: 
     Addressing Challenges in Research and Practice},
  journal = {Transport Reviews},
  volume = 31,
  year = 2010}
                  
@article{waddell-transportation-land-use-2010,
  author = {Paul Waddell and Liming Wang and Billy Charlton and Aksel Olsen},
  title = {Microsimulating Parcel-level Land Use and Activity-based
                  Travel: Development of a Prototype Application in
                  {San Francisco}},
  journal = {Journal of Transportation and Land Use},
  volume = 3,
  year = 2010}

@incollection{waddell-residential-location-choice-2010,
  author = {Paul Waddell},
  title = {Modeling Residential Location in UrbanSim},
  booktitle = {Modelling Residential Location Choice},
  editor = {John Preston and Francesca Pagliara and David Simmonds},
  publisher = {Springer},
  pages = {165--180},
  year = 2010}

@phdthesis{wang-phd,
  author = {Liming Wang},
  title = {Advances in Integrated Urban Modeling: Microsimulation
                  Models of the Housing Market, Real Estate
                  Development, and Workplace Choice},
  school = {University of Washington}, 
  year = 2009}
                  
@article{wang-trb-2011,
  author = {Liming Wang and Paul Waddell and Maron Outwater},
  title = {Incremental Integration of Land Use and Activity-based
                  Travel Modeling: Work-at-Home and Out-of-Home
                  Workplace Choices},
  journal = {Transportation Research Record},
  volume = 2255,
  year = 2011}
                  
@article{watkins-public-transportation-2010,
  author = {Kari Watkins and Brian Ferris and G. Scott Rutherford},
  title = {Explore: An Attraction Search Tool for Transit Trip Planning},
  journal = {Journal of Public Transportation},
  volume = 13, 
  number = 4,
  year = 2010}
                  
@phdthesis{watkins-phd,
   author = {Kari Watkins},
   title = {Using Technology to Revolutionize Public Transportation},
   school = {Dept.\ of Civil \& Environmental Engineering,
             University of Washington},
   year = 2011}
                  
@article{watkins-transportation-research-2011,
  author = {Kari Watkins and Brian Ferris and Alan Borning and
                  G. Scott Rutherford and David Layton},
  title = {Where Is My Bus? {Impact} of Mobile Real Time Information
                  on the Perceived and Actual Wait Time of Transit
                  Riders},
  journal = {Transportation Research Part A: Policy and Practice},
  volume = 45,
  number = 8,
  month = oct,
  year = 2011}

@inproceedings{watkins-trb-2012,                  
  author = {Kari Watkins and Brian Ferris and Mark Hallenbeck 
    and Alan Borning},
  title = {Next Steps in Transit Rider Information: Development of a
                  Webapp for Personalized Transit Service Alerts},
  booktitle = {Proceedings of Transportation Research Board 2012
                  Annual Meeting}, 
  year = 2012}

@inproceedings{watkins-urban-transportation-systems-2012,                  
  author = {Kari Watkins and Brian Ferris and Yegor Malinovskiy
   and Alan Borning},
  title = {Beyond Context Sensitive Solutions: Using Value Sensitive
                  Design to Identify Needed Transit Information Tools},
  booktitle = {3rd International Conference on Urban Transportation Systems},
  year = 2012}
                  
@article{watkins-transportation-2013,
  author = {Kari Watkins and Alan Borning and G. Scott Rutherford 
    and Brian Ferris and Brian Gill}, 
  title = {Attitudes of Bus Operators Towards Real-time Transit
                  Information Tools},
  journal = {Transportation}, 
  month = jan,
  year = 2013}

@article{weil-jama-2002,
  author = {Evette Weil and Melissa Wachterman and Ellen P. McCarthy
    and Roger B. Davis and Bonnie O'Day and Lisa I. Iezzoni 
    and Christina C. Wee},
  title = {Obesity Among Adults With Disabling Conditions},
  journal = {Journal of the American Medical Association},
  volume = 288,
  number = 10,
  month = {Sept 11},                  
  year = 2002}

@article{winner-1980,
  author = {Langdon Winner},
  title = {Do Artifacts Have Politics?},
  journal = {Daedalus},
  volume = 109,
  number = 1,
  month = {Winter},
  year = 1980}

@inproceedings{yang-assets-2011,
 author = {Yang, Rayoung and Park, Sangmi and Mishra, Sonali R. and
                  Hong, Zhenan and Newsom, Clint and Joo, Hyeon and
                  Hofer, Erik and Newman, Mark W.},
 title = {Supporting Spatial Awareness and Independent Wayfinding for
                  Pedestrians with Visual Impairments},
 booktitle = {ASSETS '11},
 year = {2011},
 pages = {27--34}}

@inproceedings{yoo-chi-2013,
 author = {Yoo, Daisy and Huldtgren, Alina and Woelfer, Jill Palzkill
                  and Hendry, David G. and Friedman, Batya},
 title = {A Value Sensitive Action-reflection Model: Evolving a
                  Co-design Space with Stakeholder and Designer
                  Prompts},
 booktitle = {Proceedings of the SIGCHI Conference on Human Factors in
                  Computing Systems},
 series = {CHI '13},
 year = {2013},
 isbn = {978-1-4503-1899-0},
 location = {Paris, France},
 pages = {419--428},
 numpages = {10},
 url = {http://doi.acm.org/10.1145/2470654.2470715},
 doi = {10.1145/2470654.2470715},
 acmid = {2470715},
 publisher = {ACM},
 address = {New York, NY, USA},
 keywords = {co-design, creativity, design method, envisioning cards,
                  homeless young people, mobile technologies,
                  prototyping, reflection-on-action, safety, security,
                  value scenarios, value sensitive action-reflection
                  model, value sensitive design}} 

@inproceedings{zimmerman-chi-2011,
 author = {Zimmerman, John and Tomasic, Anthony and Garrod, Charles
                  and Yoo, Daisy and Hiruncharoenvate, Chaya and Aziz,
                  Rafae and Thiruvengadam, Nikhil Ravi and Huang, Yun
                  and Steinfeld, Aaron},
 title = {Field Trial of {Tiramisu}: Crowd-sourcing Bus Arrival Times
                  to Spur Co-design},
 booktitle = {CHI '11: Proceedings of the SIGCHI Conference on Human
                  Factors in Computing Systems},
 year = {2011},
 isbn = {978-1-4503-0228-9},
 pages = {1677--1686},
 location = {Vancouver, BC, Canada},
 doi = {http://doi.acm.org/10.1145/1978942.1979187},
 publisher = {ACM},
 address = {New York, NY, USA}}

